% Encoding: UTF-8

@Article{00-Artikelbeispiel,
  author =       {Autor},
  title =        {Artikeltitel},
  journaltitle = {Journaltitel},
  number =       {Journalnummer},
  date =         {Datum},
  pages =        {referenzierte Seiten}
}

@Book{00-Buchbeispiel,
  author =    {Buchautor},
  title =     {Buchtitel},
  year =      {Erscheinungsjahr},
  edition =   {Auflage},
  publisher = {Herausgeber}
}

@Online{00-Internetbeispiel,
  author = {Autor},
  title =  {Onlinetitel},
  year =   {letztes Zugriffsdatum},
  url =    {Internetadresse}
}

@Patent{00-Patentbeispiel,
  author =   {Patentart DE/VDI/ISO},
  title =    {Titel des Patents},
  number =   {Patentnummer},
  year =     {Anmeldedatum},
  holder =   {Anmelder},
  location = {Ort}
}

@Thesis{00-Schriftenbeispiel,
  author =      {Autor},
  title =       {Titel der Arbeit},
  institution = {Art der Arbeit(Dissertation...), Universit√§t},
  year =        {Abgabejahr}
}
