% Encoding: windows-1252

@Online{CTMS2019_Modeling,
  author = {Messner, Bill and Tilbury, Dawn},
  title =  {Control Tutorials with Matlab and Simulink},
  year =   {2019},
  url =    {http://ctms.engin.umich.edu/CTMS/index.php?example=Introduction&section=SystemModeling}
}

@Online{CTMS2019_Analysis,
	author = {Messner, Bill and Tilbury, Dawn},
	title =  {Control Tutorials with Matlab and Simulink},
	year =   {2019},
	url =    {http://ctms.engin.umich.edu/CTMS/index.php?example=Introduction&section=SystemAnalysis}
}

@misc{CMR_Lec_ppt_3,
	author  = {Egerstedt, Magnus},
	title   = {Control of Mobile Robots: Linear Systems},
	year    = {N.D},
	note    = {Lecture slides: Control of Mobile Robots},
}

@Online{RickHill_11,
	author = {Hill, Rick},
	title =  {Video Lec: System Dynamics and Control: Module 11 - Stability and Second-Order Systems},
	year =   {2013},
	url =    {https://youtu.be/h73CudC0FQo}
}

@Online{RickHill_13,
	author = {Hill, Rick},
	title =  {Video Lec: System Dynamics and Control: Module 13 - Introduction to Control, Block Diagrams},
	year =   {2013},
	url =    {https://youtu.be/p4KEKCenc0E}
}

@Online{RickHill_14,
	author = {Hill, Rick},
	title =  {Video Lec: System Dynamics and Control: Module 14 - Control Specifications and PID control},
	year =   {2013},
	url =    {https://www.youtube.com/watch?v=RYWPqb2hAEM}
}

@Article{Aurich2009,
  author =       {J.C. Aurich},
  title =        {Ich bin eine Zeitschrift},
  journaltitle = {FBK-Journal},
  number =       {101},
  date =         {2009},
  pages =        {15-17}
}

@Patent{DE24.03.2006,
  author =   {DE},
  title =    {Spannvorrichtung für rotierende Werkzeuge oder Werkstücke},
  number =   {DE102006013662A1},
  year =     {24.03.2006},
  holder =   {Technische Universität Kaiserslautern},
  location = {67663 Kaiserslautern, DE}
}

@Book{HansKoller2015,
  author =    {P. Hans and F. Koller},
  title =     {Ich bin ein Buch},
  year =      {2015},
  edition =   {1. Auflage},
  publisher = {Fiktiv-Verlag}
}

@Online{LG,
  author = {Marco Daniel and Patrick Gundlach and Walter Schmidtand Jörg Knappen and Hubert Partl and Irene Hyna},
  title =  {LATEX 2$\epsilon$ - Kurzbeschreibung},
  year =   {22.04.2016},
  url =    {http://mirror.physik-pool.tu-berlin.de/tex-archive/info/lshort/german/l2kurz.pdf}
}

@Thesis{Pfeiler2011,
  author =      {L. Pfeiler},
  title =       {Dies ist eine Hochschulschrift},
  institution = {Dissertation, TU Kaiserslautern},
  year =        {2011}
}

@Article{Ahmed2018,
	author =      {Ahmed, Rizwan},
	title =       {Model Validation of Two-wheeled Autonomous Vehicle},
	institution = {Dissertation, TU Kaiserslautern},
	year =        {2018}
}
